<?xml version="1.0" encoding="UTF-8"?><record xmlns="http://www.loc.gov/MARC21/slim" xmlns:cinclude="http://apache.org/cocoon/include/1.0" xmlns:zs="http://www.loc.gov/zing/srw/">
  <leader>00452cz  a2200133n  4500</leader>
  <controlfield tag="001">n 2008075319</controlfield>
  <controlfield tag="003">DLC</controlfield>
  <controlfield tag="005">20090404075031.0</controlfield>
  <controlfield tag="008">081106n| acannaabn          |n aaa      </controlfield>
  <datafield tag="010" ind1=" " ind2=" ">
    <subfield code="a">n 2008075319</subfield>
  </datafield>
  <datafield tag="035" ind1=" " ind2=" ">
    <subfield code="a">(OCoLC)oca07930428</subfield>
  </datafield>
  <datafield tag="040" ind1=" " ind2=" ">
    <subfield code="a">DLC</subfield>
    <subfield code="b">eng</subfield>
    <subfield code="c">DLC</subfield>
    <subfield code="d">NjBlaOCU</subfield>
  </datafield>
  <datafield tag="100" ind1="1" ind2=" ">
    <subfield code="a">Conger, Vivian Bruce</subfield>
  </datafield>
  <datafield tag="670" ind1=" " ind2=" ">
    <subfield code="a">The widows' might, c2009:</subfield>
    <subfield code="b">ECIP t.p. (Vivian Leigh Bruce Conger) book t.p. (Vivian Bruce Conger) p. 244 (assoc. prof. of history, Ithaca College)</subfield>
  </datafield>
</record>